% This file was created with JabRef 2.10b2.
% Encoding: UTF8


@Book{HansonP97,
  Title                    = {Fish bioenergetics 3.0.},
  Author                   = {Hanson, P. C.; Johnson, T. B.; Schindler, D. E.; Kitchell, J. F.,},
  Publisher                = {University of Wisconsin, Sea GrantInstitute, Madison, WI},
  Year                     = {1997},
  Series                   = {No. WISCU-T-97-001},

  Crossref                 = {@ARTICLE{RecknagelF03, author = {Friedrich Recknagel}, title = {Simulation of aquatic food web and species interactions by adaptive agents embodied with evolutionary computation: a conceptual framework }, journal = {Ecological Modelling }, year = {2003}, volume = {170}, pages = {291 - 302}, number = {2â3}, note = {\{ISEM\} The third European Ecological Modelling Conference }, abstract = {Individual-based and state variable-based adaptive agents (AA) are discussed regarding their relevance to different types of ecosystems. Individual-based \{AA\} proved applicable to a spatially explicit simulation of highly simplified terrestrial food webs. State variable-based \{AA\} with evolutionary computation (EC) embodied are suggested for the simulation of aquatic food webs and plankton species interactions. Embodiment of \{EC\} in \{AA\} can be achieved by evolving predictive rules (ER), differential equations (EDE) or artificial neural networks (ANN) derived from a diverse lake database. In order to provide ecosystem simulation with resilience to environmental change, agent banks can be created containing alternative agents for same species or functional groups from different lakes. State variable-based \{AA\} are currently tested for aquatic ecosytem simulation by means of a diverse lake database. It promises to overcome constraints by the rigidity of traditional lake ecosystem models. }, doi = {http://dx.doi.org/10.1016/S0304-3800(03)00234-5}, file = {RecknagelF03.pdf:RecknagelF03.pdf:PDF}, issn = {0304-3800}, keywords = {Individual-based adaptive agents}, opturl = {http://www.sciencedirect.com/science/article/pii/S0304380003002345} }},
  Owner                    = {arpa},
  Timestamp                = {2014.12.12}
}

@Article{BastardieF13,
  Title                    = {DISPLACE: a dynamic, individual-based model for spatial fishing planning and effort displacement - integrating underlying fish population models},
  Author                   = {Francois Bastardie and Nielsen, {J. Rasmus} and Tanja Miethe},
  Journal                  = {Canadian Journal of Fisheries and Aquatic Sciences},
  Year                     = {2014},

  File                     = {BastardieF13.pdf:BastardieF13.pdf:PDF},
  ISSN                     = {0706-652X},
  Owner                    = {arpa},
  Publisher                = {N R C Research Press},
  Timestamp                = {2013.11.29}
}

@Article{BubinasA00,
  Title                    = {The Nutrition of Fish in the Curonian Lagoon and the Coastal Zone of the Baltic Sea},
  Author                   = {Bubinas, Algis and Ložys, Linas},
  Journal                  = {Acta Zoologica Lituanica},
  Year                     = {2000},
  Number                   = {4},
  Pages                    = {56-67},
  Volume                   = {10},

  Doi                      = {10.1080/13921657.2000.10512346},
  Eprint                   = {http://www.tandfonline.com/doi/pdf/10.1080/13921657.2000.10512346},
  File                     = {BubinasA00.pdf:BubinasA00.pdf:PDF},
  Opturl                   = {http://www.tandfonline.com/doi/abs/10.1080/13921657.2000.10512346},
  Owner                    = {arpa},
  Timestamp                = {2013.12.10}
}

@Article{DeutschB10,
  Title                    = {Denitrification in sediments as a major nitrogen sink in the Baltic Sea: an extrapolation using sediment characteristics},
  Author                   = {Deutsch, B. and Forster, S. and Wilhelm, M. and Dippner, J. W. and Voss, M.},
  Journal                  = {Biogeosciences},
  Year                     = {2010},
  Number                   = {10},
  Pages                    = {3259--3271},
  Volume                   = {7},

  Doi                      = {10.5194/bg-7-3259-2010},
  File                     = {DeutschB10.pdf:DeutschB10.pdf:PDF},
  Opturl                   = {http://www.biogeosciences.net/7/3259/2010/},
  Owner                    = {arpa},
  Timestamp                = {2014.09.29}
}

@Article{EhrenbergS06,
  Title                    = {Sublittoral abundance and food consumption of Baltic gobies},
  Author                   = {Ehrenberg, S. Z. and Hansson, S. and Elmgren, R.},
  Journal                  = {Journal of Fish Biology},
  Year                     = {2005},
  Number                   = {4},
  Pages                    = {1083--1093},
  Volume                   = {67},

  Doi                      = {10.1111/j.0022-1112.2005.00811.x},
  File                     = {EhrenbergS06.pdf:EhrenbergS06.pdf:PDF},
  ISSN                     = {1095-8649},
  Keywords                 = {Baltic Sea, benthos, density, food consumption, goby, Pomatoschistus},
  Opturl                   = {http://dx.doi.org/10.1111/j.0022-1112.2005.00811.x},
  Owner                    = {arpa},
  Publisher                = {Blackwell Science Ltd},
  Timestamp                = {2013.12.16}
}

@Article{HammondP13,
  Title                    = {Cetacean abundance and distribution in European Atlantic shelf waters to inform conservation and management},
  Author                   = {Hammond, Philip S and Macleod, Kelly and Berggren, Per and Borchers, David L and Burt, Louise and Ca{\~n}adas, Ana and Desportes, Genevi{\`e}ve and Donovan, Greg P and Gilles, Anita and Gillespie, Douglas and others},
  Journal                  = {Biological Conservation},
  Year                     = {2013},
  Pages                    = {107--122},
  Volume                   = {164},

  File                     = {HammondP13.pdf:HammondP13.pdf:PDF},
  Owner                    = {arpa},
  Publisher                = {Elsevier},
  Timestamp                = {2013.11.28}
}

@Article{HaukssonE07,
  Title                    = {Growth and reproduction in the Icelandic grey seal (Halichoerus grypus)},
  Author                   = {Hauksson, Erlingur},
  Journal                  = {NAMMCO Sci. Publ},
  Year                     = {2007},
  Pages                    = {153-162},
  Volume                   = {6},

  File                     = {HaukssonE07.pdf:HaukssonE07.pdf:PDF},
  Owner                    = {arpa},
  Timestamp                = {2014.01.29}
}

@InCollection{JohnsonM13,
  Title                    = {Chapter Two - Habitat and Ecology of Nephrops norvegicus },
  Author                   = {Mark P. Johnson and Colm Lordan and Anne Marie Power},
  Booktitle                = {The Ecology and Biology of Nephrops norvegicus},
  Publisher                = {Academic Press},
  Year                     = {2013},
  Editor                   = {Magnus L. Johnson and Mark P. Johnson},
  Pages                    = {27 - 63},
  Series                   = {Advances in Marine Biology },
  Volume                   = {64},

  Doi                      = {http://dx.doi.org/10.1016/B978-0-12-410466-2.00002-9},
  File                     = {JohnsonM13.pdf:JohnsonM13.pdf:PDF},
  ISSN                     = {0065-2881},
  Keywords                 = {Distribution},
  Opturl                   = {http://www.sciencedirect.com/science/article/pii/B9780124104662000029},
  Owner                    = {arpa},
  Timestamp                = {2013.10.01}
}

@InProceedings{KauhalaK12,
  Title                    = {Demographic structure and mortality rate of a Baltic grey seal population at different stages of population change, judged on the basis of the hunting bag in Finland},
  Author                   = {Kauhala, Kaarina and Ahola, Markus P and Kunnasranta, Mervi},
  Booktitle                = {Annales Zoologici Fennici},
  Year                     = {2012},
  Number                   = {5},
  Organization             = {BioOne},
  Pages                    = {287--305},
  Volume                   = {49},

  File                     = {KauhalaK12.pdf:KauhalaK12.pdf:PDF},
  Owner                    = {arpa},
  Timestamp                = {2013.09.03}
}

@Article{KiorboeT14,
  Title                    = {Shifts in Mass Scaling of Respiration, Feeding, and Growth Rates across Life-Form Transitions in Marine Pelagic Organisms.},
  Author                   = {Kiørboe, Thomas and Hirst, Andrew G.},
  Journal                  = {The American Naturalist},
  Year                     = {2014},
  Number                   = {4},
  Pages                    = {pp. E118-E130},
  Volume                   = {183},

  Copyright                = {Copyright © 2014 The University of Chicago},
  File                     = {KiorboeT14.pdf:KiorboeT14.pdf:PDF},
  Jstor_formatteddate      = {April 2014},
  Opturl                   = {http://www.jstor.org/stable/10.1086/675241},
  Owner                    = {arpa},
  Publisher                = {The University of Chicago Press for The American Society of Naturalists},
  Timestamp                = {2014.12.11}
}

@Article{KoschinskyS01,
  Title                    = {Current knowledge on harbour porpoises (Phocoena phocoena) in the Baltic Sea},
  Author                   = {Koschinski, Sven},
  Journal                  = {Ophelia},
  Year                     = {2001},
  Number                   = {3},
  Pages                    = {167-197},
  Volume                   = {55},

  Doi                      = {10.1080/00785326.2001.10409483},
  Eprint                   = {http://www.tandfonline.com/doi/pdf/10.1080/00785326.2001.10409483},
  File                     = {KoschinskyS01.pdf:KoschinskyS01.pdf:PDF},
  Opturl                   = {http://www.tandfonline.com/doi/abs/10.1080/00785326.2001.10409483},
  Owner                    = {arpa},
  Timestamp                = {2013.09.12}
}

@Article{LappalainenA01,
  Title                    = {Relative abundance, diet and growth of perch(Perca fluviatilis) and roach(Rutilus rutilus) at Tvaerminne, northern Baltic Sea, in 1975 and 1997: responses to eutrophication?},
  Author                   = {Lappalainen, Antti and Rask, Martti and Koponen, Heikki and Vesala, Sami},
  Journal                  = {Boreal Environment Research},
  Year                     = {2001},
  Number                   = {2},
  Pages                    = {107--118},
  Volume                   = {6},

  File                     = {LappalainenA01.pdf:LappalainenA01.pdf:PDF},
  Owner                    = {arpa},
  Timestamp                = {2013.12.09}
}

@PhdThesis{LundstromK12,
  Title                    = {Assessment of dietary patterns and prey consumption of marine mammals: Grey seals (Halichoerus grypus) in the Baltic Sea},
  Author                   = {Lundstr{\"o}m, Karl},
  School                   = {University of Gothenburg},
  Year                     = {2012},

  File                     = {LundstromK12.pdf:LundstromK12.pdf:PDF},
  Owner                    = {arpa},
  Timestamp                = {2013.11.29}
}

@Article{LundstromK07,
  Title                    = {Estimation of grey seal (Halichoerus grypus) diet composition in the Baltic Sea},
  Author                   = {Lundstr{\"o}m, Karl and Hjerne, Olle and Alexandersson, Karin and Karlsson, Olle},
  Journal                  = {NAMMCO Scientific Publications},
  Year                     = {2007},
  Pages                    = {177--196},
  Volume                   = {6},

  File                     = {LundstromK07.pdf:LundstromK07.pdf:PDF},
  Owner                    = {arpa},
  Timestamp                = {2014.01.30}
}

@Article{MaarM11,
  Title                    = {Ecosystem modelling across a salinity gradient from the North Sea to the Baltic Sea },
  Author                   = {Marie Maar and Eva Friis Møller and Jesper Larsen and Kristine Skovgaard Madsen and Zhenwen Wan and Jun She and Lars Jonasson and Thomas Neumann},
  Journal                  = {Ecological Modelling },
  Year                     = {2011},
  Number                   = {10},
  Pages                    = {1696 - 1711},
  Volume                   = {222},

  Doi                      = {http://dx.doi.org/10.1016/j.ecolmodel.2011.03.006},
  File                     = {MaarM11.pdf:MaarM11.pdf:PDF;supplement:MaarM11s.pdf:PDF},
  ISSN                     = {0304-3800},
  Keywords                 = {Ecosystem model},
  Owner                    = {arpa},
  Timestamp                = {2014.02.13},
  Url                      = {http://www.sciencedirect.com/science/article/pii/S030438001100113X}
}

@Article{MollmannC04a,
  Title                    = {Feeding ecology of central Baltic Sea herring and sprat},
  Author                   = {Möllmann, C. and Kornilovs, G. and Fetter, M. and Köster, F. W.},
  Journal                  = {Journal of Fish Biology},
  Year                     = {2004},
  Number                   = {6},
  Pages                    = {1563--1581},
  Volume                   = {65},

  Doi                      = {10.1111/j.0022-1112.2004.00566.x},
  File                     = {MollmannC04a.pdf:MollmannC04a.pdf:PDF},
  ISSN                     = {1095-8649},
  Keywords                 = {Baltic Sea, dietary overlap, diet composition, herring, sprat, stomach fullness},
  Opturl                   = {http://dx.doi.org/10.1111/j.0022-1112.2004.00566.x},
  Owner                    = {arpa},
  Publisher                = {Blackwell Science Ltd},
  Timestamp                = {2014.01.08}
}

@Article{PaulyD95,
  Title                    = {Primary production required to sustain global fisheries},
  Author                   = {Pauly, D. and Christensen, V.},
  Journal                  = {Nature},
  Year                     = {1995},
  Pages                    = {255 - 257},
  Volume                   = {374,},

  Doi                      = {10.1038/374255a0},
  File                     = {PaulyD95.pdf:PaulyD95.pdf:PDF},
  Owner                    = {arpa},
  Timestamp                = {2014.12.12}
}

@Article{PeltonenH04,
  Title                    = {Spatial feeding patterns of herring (Clupea harengus L.), sprat (Sprattus sprattus L.), and the three-spined stickleback (Gasterosteus aculeatus L.) in the Gulf of Finland, Baltic Sea},
  Author                   = {Peltonen, Heikki and Vinni, Mika and Lappalainen, Antti and Pönni, Jukka},
  Journal                  = {ICES Journal of Marine Science: Journal du Conseil},
  Year                     = {2004},
  Number                   = {6},
  Pages                    = {966-971},
  Volume                   = {61},

  Abstract                 = {The pelagic-fish fauna in the Gulf of Finland, Baltic Sea was sampled by trawling and hydroacoustics in September 2002. Spatial and size/age-dependent patterns in the diets of herring (Clupea harengus), sprat (Sprattus sprattus), and the three-spined stickleback (Gasterosteus aculeatus) were explored. At night the fish concentrated at thermocline depth but at dawn they scattered over a larger depth range. All three fish species fed on mesozooplankton but nektobenthos, for example, was scarce. In the eastern Gulf of Finland, where there is a strong freshwater inflow, the cladoceran Bosmina longispina was the dominant prey item, but it was also abundant in the diets of young-of-the-year (total length <10 cm) clupeids in the western Gulf of Finland. In these more saline western areas, calanoid copepods, especially Eurytemora affinis, were the most important prey for large (≥10 cm) clupeids. The large clupeids in particular, also fed on Temora longicornis. The diet of three-spined stickleback overlapped with that of the clupeids. However, Cercopagis pengoi, a recent arrival to the area, was much more abundant in the diet of stickleback than in the diet of clupeids.},
  Doi                      = {10.1016/j.icesjms.2004.06.008},
  Eprint                   = {http://icesjms.oxfordjournals.org/content/61/6/966.full.pdf+html},
  File                     = {PeltonenH04.pdf:PeltonenH04.pdf:PDF},
  Opturl                   = {http://icesjms.oxfordjournals.org/content/61/6/966.abstract},
  Owner                    = {arpa},
  Timestamp                = {2013.12.09}
}

@Article{ReissmannJ09,
  Title                    = {Vertical mixing in the Baltic Sea and consequences for eutrophication - A review },
  Author                   = {Jan Hinrich Reissmann and Hans Burchard and Rainer Feistel and Eberhard Hagen and Hans Ulrich Lass and Volker Mohrholz and Gunther Nausch and Lars Umlauf and Gunda Wieczorek},
  Journal                  = {Progress in Oceanography },
  Year                     = {2009},
  Number                   = {1},
  Pages                    = {47 - 80},
  Volume                   = {82},

  Doi                      = {http://dx.doi.org/10.1016/j.pocean.2007.10.004},
  File                     = {ReissmannJ09.pdf:ReissmannJ09.pdf:PDF},
  ISSN                     = {0079-6611},
  Opturl                   = {http://www.sciencedirect.com/science/article/pii/S0079661109000159},
  Owner                    = {arpa},
  Timestamp                = {2014.09.09}
}

@Article{SavchukO05,
  Title                    = {Resolving the Baltic Sea into seven subbasins: N and P budgets for 1991â1999 },
  Author                   = {Oleg P. Savchuk},
  Journal                  = {Journal of Marine Systems },
  Year                     = {2005},
  Number                   = {1â2},
  Pages                    = {1 - 15},
  Volume                   = {56},

  Doi                      = {http://dx.doi.org/10.1016/j.jmarsys.2004.08.005},
  File                     = {SavchukO05.pdf:SavchukO05.pdf:PDF},
  ISSN                     = {0924-7963},
  Keywords                 = {Nitrogen},
  Opturl                   = {http://www.sciencedirect.com/science/article/pii/S0924796304002945},
  Owner                    = {arpa},
  Timestamp                = {2014.12.11}
}

@Article{TimmermannK12,
  Title                    = {Modelling macrofaunal biomass in relation to hypoxia and nutrient loading },
  Author                   = {Karen Timmermann and Joanna Norkko and Urszula Janas and Alf Norkko and Bo G. Gustafsson and Erik Bonsdorff},
  Journal                  = {Journal of Marine Systems },
  Year                     = {2012},
  Number                   = {0},
  Pages                    = {60 - 69},
  Volume                   = {105–108},

  Doi                      = {http://dx.doi.org/10.1016/j.jmarsys.2012.06.001},
  File                     = {TimmermannK12.pdf:TimmermannK12.pdf:PDF},
  ISSN                     = {0924-7963},
  Keywords                 = {Physiological benthos model},
  Opturl                   = {http://www.sciencedirect.com/science/article/pii/S0924796312001467},
  Owner                    = {arpa},
  Timestamp                = {2014.01.19}
}

@Article{TomczakM12,
  Title                    = {Ecosystem flow dynamics in the Baltic Proper—Using a multi-trophic dataset as a basis for food–web modelling },
  Author                   = {M.T. Tomczak and S. Niiranen and O. Hjerne and T. Blenckner},
  Journal                  = {Ecological Modelling },
  Year                     = {2012},
  Number                   = {0},
  Pages                    = {123 - 147},
  Volume                   = {230},

  Doi                      = {http://dx.doi.org/10.1016/j.ecolmodel.2011.12.014},
  File                     = {TomczakM12.pdf:TomczakM12.pdf:PDF},
  ISSN                     = {0304-3800},
  Keywords                 = {Ecosystem dynamics},
  Opturl                   = {http://www.sciencedirect.com/science/article/pii/S0304380011006028},
  Owner                    = {arpa},
  Timestamp                = {2013.09.20}
}

@Article{Tomczak09,
  Title                    = {Analysis of trophic networks and carbon flows in south-eastern Baltic coastal ecosystems},
  Author                   = {Tomczak, Maciej T. and M\"{u}ller-Karulis, B\"{a}rbel and J\"{a}rv, Leili and Kotta, Jonne and Martin, Georg and Minde, Atis and P\~{o}llum\"{a}e, Arno and Razinkovas, Arturas and Strake, Solvita and Bucas, Martynas and Blenckner, Thorsten},
  Journal                  = {Progress In Oceanography},
  Year                     = {2009},

  Month                    = apr,
  Number                   = {1-4},
  Pages                    = {111--131},
  Volume                   = {81},

  Annote                   = { From Duplicate 2 ( Analysis of trophic networks and carbon flows in south-eastern Baltic coastal ecosystems - Tomczak, Maciej T.; M\"{u}ller-Karulis, B\"{a}rbel; J\"{a}rv, Leili; Kotta, Jonne; Martin, Georg; Minde, Atis; P\~{o}llum\"{a}e, Arno; Razinkovas, Arturas; Strake, Solvita; Bucas, Martynas; Blenckner, Thorsten ) },
  Doi                      = {10.1016/j.pocean.2009.04.017},
  File                     = {Tomczak09.pdf:Tomczak09.pdf:PDF},
  ISSN                     = {00796611},
  Owner                    = {arpa},
  Publisher                = {Elsevier Ltd},
  Timestamp                = {2012.08.20},
  Url                      = {http://dx.doi.org/10.1016/j.pocean.2009.04.017 http://linkinghub.elsevier.com/retrieve/pii/S0079661109000251}
}

@MastersThesis{TornlundL13,
  Title                    = {Consumption of fish by Baltic seabirds},
  Author                   = {Linnea Törnlund},
  School                   = {Dep. of System Ecology, Stockholm University},
  Year                     = {2013},

  File                     = {TornlundL13.pdf:TornlundL13.pdf:PDF},
  Owner                    = {arpa},
  Timestamp                = {2014.12.12}
}

@Article{VichiM04,
  Title                    = {Link or sink: a modelling interpretation of the open Baltic biogeochemistry},
  Author                   = {Vichi, M. and Ruardij, P. and Baretta, J. W.},
  Journal                  = {Biogeosciences},
  Year                     = {2004},
  Number                   = {1},
  Pages                    = {79--100},
  Volume                   = {1},

  Doi                      = {10.5194/bg-1-79-2004},
  File                     = {VichiM04.pdf:VichiM04.pdf:PDF},
  Opturl                   = {http://www.biogeosciences.net/1/79/2004/},
  Owner                    = {arpa},
  Timestamp                = {2014.12.11}
}

@comment{jabref-meta: selector_review:}

@comment{jabref-meta: selector_publisher:}

@comment{jabref-meta: selector_author:}

@comment{jabref-meta: selector_journal:}

@comment{jabref-meta: selector_keywords:}

@comment{jabref-meta: pdfDirectory:C:\\Users\\arpa\\Documents\\Literat
ure\\papers;}

@comment{jabref-meta: groupsversion:3;}

@comment{jabref-meta: groupstree:
0 AllEntriesGroup:;
1 ExplicitGroup:ATLANTIS-relevant\;2\;AguzziJ04\;AllenJ82\;AndersenK09
\;AydinI11\;BastardieF13\;BeukemaJ09\;BianchiT02\;BonnerW79\;BostromM1
3\;DeutschB10\;EdrenS10\;EeroM12\;EhrenbergS06\;ErikssonS13\;FarmerA74
\;FennelW10\;FultonE03a\;HaegeleC85\;HammondP02\;HarkonenT07\;Harkonen
T12\;HarveyC03\;HinrichsenH02\;HolmaM12\;HorbowyJ11\;HussyK12\;InnesS8
7\;JohnsonM13\;KabelK12\;KatohE13\;KauhalaK12\;KoschinskyS01\;KubeS07\
;KumbladL08\;KunnasrantaM10\;LennartzS14\;LindegrenM12\;LinkJ11\;Locky
erC01\;LockyerC03\;LockyerC03a\;LockyerC95\;LyngsP98\;MargonskiP10\;Me
ierM11\;MeierM12\;Mollmann08\;MollmannC04a\;NeumannT02\;NielsenA95\;Ni
elsenB13\;NiiranenS13\;OsterblomH06\;OsterblomH07\;RadtkeH13\;Ricciard
iA98\;RousiH13\;RouttiH05\;RutgerssonA01\;SandbergJ00\;SandbergJ07\;Sc
heidatM08\;SchiewerU08\;SkoraK91\;SkovH11\;SundqvistL12\;TemmingA03\;T
omczak09\;TomczakM12\;TomczakM13\;UlmestrandM01\;Vaquer-SunyerR11\;Vos
sR06\;WennhageH07\;WesterbomM02\;WesterbomM06\;;
2 ExplicitGroup:bacteria\;0\;DietrichD00\;GoldmanJ87\;JorgensenN99\;Si
vonenK07\;UlanovaA06\;;
2 ExplicitGroup:benthos\;0\;BeukemaJ09\;BonsdorffE03\;GoginaM10\;Hawki
nsA85\;JanasU04\;LaineA03\;PerusJ04\;RousiH13\;SandbergJ00\;SiaulysA12
\;SiaulysA13\;TimmermannK12\;WesterbomM02\;WesterbomM06\;;
2 ExplicitGroup:cod\;0\;BorgA97\;HinrichsenHH09\;HinrichsenHH11\;Hussy
K12\;KosterW05\;NeuenfeldtS06\;TomkiewiczJ98\;;
2 ExplicitGroup:cyprinids\;0\;CoppG90\;LappalainenA05\;;
2 ExplicitGroup:dinoflagellates\;0\;KlaisR11\;;
2 ExplicitGroup:ERGOM\;0\;EilolaK11\;JorgensenL13\;MaarM11\;NeumannT00
\;NeumannT02\;NeumannT08\;RadtkeH13\;;
2 ExplicitGroup:fish\;0\;BernreutherM13\;BubinasA00\;CasiniM11\;Flinkm
anJ92\;HaraldssonM12\;KjellmanJ03\;LappalainenA01\;LjunggrenL10\;Neuen
feldtS06\;PeckM12\;PeltonenH04\;PeltonenH13\;RonkkonenS04\;SandstromA0
2\;SiebenK11\;VetemaaM05\;;
2 ExplicitGroup:flatfish\;0\;DrevsT06\;KarlsonA07\;NisslingA10\;;
2 ExplicitGroup:herring\;0\;BartolinoV14\;MollmannC02\;NeuenfeldtS06\;
;
2 ExplicitGroup:jellies\;0\;BarzK05\;CostelloJ94\;HosiaA12\;JaspersC12
\;JaspersC13\;JavidpourJ08\;LarsonR86\;LehtiniemiM07\;LilleyM11\;;
2 ExplicitGroup:macroalgae\;0\;BucasM09\;ErikssonB05a\;KumbladL08\;Sia
ulysA12\;TornK06\;WennhageH07\;;
2 ExplicitGroup:microphytobenthos\;0\;DietrichD00\;SundbackK88\;Ulanov
aA06\;VilbasteS00\;;
2 ExplicitGroup:mysids\;0\;AaserH95\;BarzK09\;GorokhovaE00\;GorokhovaE
09\;GorokhovaE98\;KottaI07\;LehtiniemiM02\;MargonskiP99\;OgonowskiM12\
;OgonowskiM13\;RoastS99\;SalemaaH90\;ViherluotoM00\;;
2 ExplicitGroup:nephrops\;0\;AguzziJ04\;AydinI11\;ErikssonS13\;FarmerA
74\;JohnsonM13\;KatohE13\;UlmestrandM01\;;
2 ExplicitGroup:perch\;0\;HanssonS85\;LappalainenA01\;TolonenA03\;;
2 ExplicitGroup:polychaetes\;0\;FauchaldK79\;;
2 ExplicitGroup:porpoise\;0\;HammondP13\;KoschinskyS01\;LockyerC01\;Lo
ckyerC03\;LockyerC03a\;LockyerC95\;Parsons98\;ScheidatM08\;SorensenT94
\;SveegaardS11\;SveegaardS12\;TeilmannJ12\;VerfussU07\;Westgate1A95\;;
2 ExplicitGroup:seabirds\;0\;AndersenS07\;RicklefsR71\;TornlundL13\;Va
itkusG01\;WatanabeY11\;;
2 ExplicitGroup:seagrass\;0\;BostromC14\;DuarteC90\;MollerT07\;;
2 ExplicitGroup:seals\;0\;AndersenS07\;AndersenS11\;BonnerW79\;EdrenS1
0\;HardingK07\;HarkonenT07\;HarkonenT12\;HaukssonE07\;HolmaM12\;InnesS
87\;KauhalaK12\;KunnasrantaM08\;KunnasrantaM10\;LundstromK07\;Lundstro
mK12\;RouttiH05\;SundqvistL12\;;
2 ExplicitGroup:shrimp\;0\;CamposJ09\;LapinskaE06\;WennhageH07\;;
2 ExplicitGroup:small-demersals\;0\;EhrenbergS06\;KarlsonA07\;KornisM1
2\;WantolaK13\;;
2 ExplicitGroup:small-pelagics\;0\;BorgB85\;WennhageH07\;;
2 ExplicitGroup:sprat\;0\;MollmannC02\;NeuenfeldtS06\;;
2 ExplicitGroup:whiting\;0\;MergardtN97\;;
2 ExplicitGroup:zooplankton\;0\;HaraldssonM12\;JaspersC12\;JaspersC13\
;MollmannC02\;SchulzJ12\;;
2 ExplicitGroup:report\;0\;BastardieF13\;BubinasA00\;DeutschB10\;Ehren
bergS06\;HammondP13\;HansonP97\;HaukssonE07\;JohnsonM13\;KauhalaK12\;K
iorboeT14\;KoschinskyS01\;LappalainenA01\;LundstromK07\;LundstromK12\;
MaarM11\;MollmannC04a\;PaulyD95\;PeltonenH04\;ReissmannJ09\;SavchukO05
\;TimmermannK12\;Tomczak09\;TomczakM12\;TornlundL13\;VichiM04\;;
1 ExplicitGroup:BASIN-relevant\;0\;BartlettP98\;BromsC12\;ChustG13\;Ch
ustG13a\;ColemanO12\;CreamerG10\;DAmbrosioD08\;DasK00\;DuneaD10\;Ghahr
amaniZ04\;GilY14\;GschwendtnerB96\;HanJ90\;HansenL90\;HatunH09\;HeldI1
4\;IngrassiaS05\;JangJS93\;KiangM05\;LawrenceR97\;MacKenzieB09\;Mollma
nnC11\;PalaczA13\;RaudysS91\;RecordN14\;ShahV07\;ShahmalekiP10\;Stroem
bergK09\;TsukimotoH00\;UusitaloL07\;Zamora-TerolS13\;;
1 ExplicitGroup:EURO-BASIN_WP8-Deliverable\;0\;AlheitJ05\;Beaugrand04\
;BoraD14\;CasiniM08\;ChustG14\;ConversiA15\;DiekmannA12\;FernandesJ13\
;FrankK05\;FrankK07\;FrankK11\;GreeneC13\;HareS00\;LinkJ10a\;LitzowM13
\;Mollmann09\;MollmannC12\;MollmannC15\;PalaczA13\;Scheffer01\;;
1 ExplicitGroup:ET\;0\;KasabovN07\;Levin02a\;LewyP04\;TomczakM12\;;
1 ExplicitGroup:SEAFACTS\;0\;BorjaA08\;BorjaA11\;Caddy02\;Caddy05\;Gil
Y14\;HeldI14\;NiculescuS03\;ZhengB99\;;
1 ExplicitGroup:ZooANN\;2\;;
}

